@inproceedings{Oru:2013,
 author = {Orumiehchiha, Mohammad Ali and Pieprzyk, Josef and Shakour, Elham and Steinfeld, Ron},
 title = {Cryptanalysis of RC4(N, M) Stream Cipher},
 booktitle = {Proceedings of the 6th International Conference on Security of Information and Networks},
 series = {SIN '13},
 year = {2013},
 location = {Aksaray, Turkey},
 pages = {165--172},
 url = {http://doi.acm.org/10.1145/2523514.2523615},
 } 